@article{luckheeram2012cd4+,
	title={{CD4+ T} cells: differentiation and functions},
	author={Luckheeram, Rishi Vishal and Zhou, Rui and Verma, Asha Devi and Xia, Bing},
	journal={Clinical and developmental immunology},
	volume={2012},
	year={2012},
	publisher={Hindawi},
        doi = {10.1155/2012/925135}
}

@misc{ModelCellCollective, 
author= {Bhanwar Lal Puniya},
	title={{CD4+ T} cell Differentiation model webpage on the {CellCollective} platform}, url={https://research.cellcollective.org/?dashboard=true\#module/6678:1/cd4-t-cell-differentiation/1}, 
	note={Accessed: 18 March 2024} 
}

@article{meng2016regulatory,
	title={Regulatory {T} cells in cardiovascular diseases},
	author={Meng, Xiao and Yang, Jianmin and Dong, Mei and Zhang, Kai and Tu, Eric and Gao, Qi and Chen, Wanjun and Zhang, Cheng and Zhang, Yun},
	journal={Nature Reviews Cardiology},
	volume={13},
	number={3},
	pages={167--179},
	year={2016},
	publisher={Nature Publishing Group UK London},
        doi = {10.1038/nrcardio.2015.169}
}


@article{hirahara2016cd4+,
	title={{CD4+ T}-cell subsets in inflammatory diseases: beyond the {T h 1/T h 2} paradigm},
	author={Hirahara, Kiyoshi and Nakayama, Toshinori},
	journal={International immunology},
	volume={28},
	number={4},
	pages={163--171},
	year={2016},
	publisher={Oxford University Press UK},
        doi = {10.1093/intimm/dxw006}
}

@article{lafaille1998role,
	title={The role of helper {T} cell subsets in autoimmune diseases},
	author={Lafaille, Juan J},
	journal={Cytokine \& growth factor reviews},
	volume={9},
	number={2},
	pages={139--151},
	year={1998},
	publisher={Elsevier},
        doi = {10.1016/s1359-6101(98)00009-4}
}

@article{puniya2018mechanistic,
	title={A mechanistic computational model reveals that plasticity of {CD4+ T} cell differentiation is a function of cytokine composition and dosage},
	author={Puniya, Bhanwar Lal and Todd, Robert G and Mohammed, Akram and Brown, Deborah M and Barberis, Matteo and Helikar, Tom{\'a}{\v{s}}},
	journal={Frontiers in physiology},
	volume={9},
	pages={878},
	year={2018},
	publisher={Frontiers},
        doi = {10.3389/fphys.2018.00878}
}

@article{thakar2010boolean,
	title={Boolean models of within-host immune interactions},
	author={Thakar, Juilee and Albert, Reka},
	journal={Current opinion in microbiology},
	volume={13},
	number={3},
	pages={377--381},
	year={2010},
	publisher={Elsevier},
        doi = {10.1016/j.mib.2010.04.003}
}

@article{saez2007logical,
	title={A logical model provides insights into {T} cell receptor signaling},
	author={Saez-Rodriguez, Julio and Simeoni, Luca and Lindquist, Jonathan A and Hemenway, Rebecca and Bommhardt, Ursula and Arndt, Boerge and Haus, Utz-Uwe and Weismantel, Robert and Gilles, Ernst D and Klamt, Steffen and others},
	journal={PLoS computational biology},
	volume={3},
	number={8},
	pages={e163},
	year={2007},
	publisher={Public Library of Science San Francisco, USA},
        doi = {10.1371/journal.pcbi.0030163}
}


@article{helikar2012cell,
	title={The cell collective: toward an open and collaborative approach to systems biology},
	author={Helikar, Tom{\'a}{\v{s}} and Kowal, Bryan and McClenathan, Sean and Bruckner, Mitchell and Rowley, Thaine and Madrahimov, Alex and Wicks, Ben and Shrestha, Manish and Limbu, Kahani and Rogers, Jim A},
	journal={BMC systems biology},
	volume={6},
	number={1},
	pages={1--14},
	year={2012},
	publisher={BioMed Central},
        doi = {10.1186/1752-0509-6-96}
}

@inproceedings{datamod2023,
  author       = {Linda Brodo and
                  Roberto Bruni and
                  Moreno Falaschi and
                  Roberta Gori and
                  Paolo Milazzo},
  title        = {Attractor and Slicing Analysis of a T Cell Differentiation Model Based on Reaction Systems},
  booktitle    = {From Data to Models and Back - 11th International Symposium, DataMod 2023, Eindhoven, The Netherlands, November 6-7, 2023, Proceedings}, 
  series       = {Lecture Notes in Computer Science},
  publisher    = {Springer},
  year         = {2025},
  note    = {To appear}
}

@article{DBLP:journals/nc/BrodoBF24,
  author       = {Linda Brodo and
                  Roberto Bruni and
                  Moreno Falaschi},
  title        = {A framework for monitored dynamic slicing of reaction systems},
  journal      = {Nat. Comput.},
  volume       = {23},
  number       = {2},
  pages        = {217--234},
  year         = {2024},
  OPTurl          = {https://doi.org/10.1007/s11047-024-09976-3},
  doi          = {10.1007/S11047-024-09976-3},
  timestamp    = {Thu, 26 Sep 2024 16:29:52 +0200},
  biburl       = {https://dblp.org/rec/journals/nc/BrodoBF24.bib},
  bibsource    = {dblp computer science bibliography, https://dblp.org}
}

@inproceedings{DBLP:conf/cmsb/BowlesBBFGM24,
  author       = {Juliana Bowles and
                  Linda Brodo and
                  Roberto Bruni and
                  Moreno Falaschi and
                  Roberta Gori and
                  Paolo Milazzo},
  editor       = {Roberta Gori and
                  Paolo Milazzo and
                  Mirco Tribastone},
  title        = {Enhancing Reaction Systems with Guards for Analysing Comorbidity Treatment
                  Strategies},
  booktitle    = {Computational Methods in Systems Biology - 22nd International Conference,
                  {CMSB} 2024, Pisa, Italy, September 16-18, 2024, Proceedings},
  series       = {Lecture Notes in Computer Science},
  volume       = {14971},
  pages        = {27--44},
  publisher    = {Springer},
  year         = {2024},
  OPTurl          = {https://doi.org/10.1007/978-3-031-71671-3\_3},
  doi          = {10.1007/978-3-031-71671-3\_3},
  timestamp    = {Mon, 30 Sep 2024 07:54:36 +0200},
  biburl       = {https://dblp.org/rec/conf/cmsb/BowlesBBFGM24.bib},
  bibsource    = {dblp computer science bibliography, https://dblp.org}
}

@article{DBLP:journals/jlp/Plotkin04a,
  author    = {Gordon D. Plotkin},
  title     = {A structural approach to operational semantics},
  journal   = {J. Log. Algebraic Methods Program.},
  volume    = {60-61},
  pages     = {17--139},
  year      = {2004},
  timestamp = {Mon, 18 May 2020 12:40:18 +0200},
  biburl    = {https://dblp.org/rec/journals/jlp/Plotkin04a.bib},
  bibsource = {dblp computer science bibliography, https://dblp.org}
}

@techreport{Plotkin81,
  author    = {Gordon D. Plotkin},
  title     = {A structural approach to operational semantics},
    institution = {Computer Science Department, Aarhus University},
  year      = {1981},
    number = {DAIMI FN-19}
}

@book{Milner80,
  author    = {Robin Milner},
  title     = {A Calculus of Communicating Systems},
  publisher = {Springer},
  series    = {LNCS},
  volume =  {92},
  year      = {1980}
}

@article{DBLP:journals/fuin/EhrenfeuchtR07,
  author       = {Andrzej Ehrenfeucht and
                  Grzegorz Rozenberg},
  title        = {Reaction Systems},
  journal      = {Fundam. Informaticae},
  volume       = {75},
  number       = {1-4},
  pages        = {263--280},
  year         = {2007},
  url          = {http://content.iospress.com/articles/fundamenta-informaticae/fi75-1-4-15},
  timestamp    = {Fri, 18 Sep 2020 11:16:42 +0200},
  biburl       = {https://dblp.org/rec/journals/fuin/EhrenfeuchtR07.bib},
  bibsource    = {dblp computer science bibliography, https://dblp.org}
}

@article{DBLP:journals/tcs/BrodoBF21,
  author       = {Linda Brodo and
                  Roberto Bruni and
                  Moreno Falaschi},
  title        = {A logical and graphical framework for reaction systems},
  journal      = {Theor. Comput. Sci.},
  volume       = {875},
  pages        = {1--27},
  year         = {2021},
  OPTurl          = {https://doi.org/10.1016/j.tcs.2021.03.024},
  doi          = {10.1016/J.TCS.2021.03.024},
  timestamp    = {Sun, 25 Jul 2021 11:39:29 +0200},
  biburl       = {https://dblp.org/rec/journals/tcs/BrodoBF21.bib},
  bibsource    = {dblp computer science bibliography, https://dblp.org}
}

@book{DBLP:books/sp/HeckelT20,
  author       = {Reiko Heckel and
                  Gabriele Taentzer},
  title        = {Graph Transformation for Software Engineers - With Applications to
                  Model-Based Development and Domain-Specific Language Engineering},
  publisher    = {Springer},
  year         = {2020},
  doi          = {10.1007/978-3-030-43916-3},
  isbn         = {978-3-030-43915-6},
  timestamp    = {Tue, 19 May 2020 12:08:25 +0200},
  biburl       = {https://dblp.org/rec/books/sp/HeckelT20.bib},
  bibsource    = {dblp computer science bibliography, https://dblp.org}
}

@book{DBLP:series/eatcs/EhrigEPT06,
  author       = {Hartmut Ehrig and
                  Karsten Ehrig and
                  Ulrike Prange and
                  Gabriele Taentzer},
  title        = {Fundamentals of Algebraic Graph Transformation},
  series       = {Monographs in Theoretical Computer Science. An {EATCS} Series},
  publisher    = {Springer},
  year         = {2006},
  doi          = {10.1007/3-540-31188-2},
  isbn         = {978-3-540-31187-4},
  timestamp    = {Sun, 02 Jun 2019 20:42:16 +0200},
  biburl       = {https://dblp.org/rec/series/eatcs/EhrigEPT06.bib},
  bibsource    = {dblp computer science bibliography, https://dblp.org}
}

@article{DBLP:journals/sttt/GhamarianMRZZ12,
  author       = {Amir Hossein Ghamarian and
                  Maarten de Mol and
                  Arend Rensink and
                  Eduardo Zambon and
                  Maria Zimakova},
  title        = {Modelling and analysis using {GROOVE}},
  journal      = {Int. J. Softw. Tools Technol. Transf.},
  volume       = {14},
  number       = {1},
  pages        = {15--40},
  year         = {2012},
  doi          = {10.1007/S10009-011-0186-X},
  timestamp    = {Thu, 02 Apr 2020 08:37:24 +0200},
  biburl       = {https://dblp.org/rec/journals/sttt/GhamarianMRZZ12.bib},
  bibsource    = {dblp computer science bibliography, https://dblp.org}
}

@book{DBLP:series/eatcs/EhrigEGH15,
  author       = {Hartmut Ehrig and
                  Claudia Ermel and
                  Ulrike Golas and
                  Frank Hermann},
  title        = {Graph and Model Transformation - General Framework and Applications},
  series       = {Monographs in Theoretical Computer Science. An {EATCS} Series},
  publisher    = {Springer},
  year         = {2015},
  url          = {https://doi.org/10.1007/978-3-662-47980-3},
  doi          = {10.1007/978-3-662-47980-3},
  isbn         = {978-3-662-47979-7},
  timestamp    = {Sun, 02 Jun 2019 20:42:16 +0200},
  biburl       = {https://dblp.org/rec/series/eatcs/EhrigEGH15.bib},
  bibsource    = {dblp computer science bibliography, https://dblp.org}
}

@Misc{GROOVE,
  author="Arend Rensink",
  title="The \GROOVE tool set, \href{https://github.com/nl-utwente-groove/code/releases/tag/release-7_0_1}{version 7.0.1}",
  Howpublished="Available at \url{https://github.com/nl-utwente-groove/code}",
  year=2024,
}