@article{DBLP:journals/fuin/EhrenfeuchtR07,
  author       = {Andrzej Ehrenfeucht and
                  Grzegorz Rozenberg},
  title        = {Reaction Systems},
  journal      = {Fundam. Informaticae},
  volume       = {75},
  number       = {1-4},
  pages        = {263--280},
  year         = {2007},
  url          = {http://content.iospress.com/articles/fundamenta-informaticae/fi75-1-4-15},
  timestamp    = {Fri, 18 Sep 2020 11:16:42 +0200},
  biburl       = {https://dblp.org/rec/journals/fuin/EhrenfeuchtR07.bib},
  bibsource    = {dblp computer science bibliography, https://dblp.org}
}

@article{DBLP:journals/tcs/BrodoBF21,
  author       = {Linda Brodo and
                  Roberto Bruni and
                  Moreno Falaschi},
  title        = {A logical and graphical framework for reaction systems},
  journal      = {Theor. Comput. Sci.},
  volume       = {875},
  pages        = {1--27},
  year         = {2021},
  OPTurl          = {https://doi.org/10.1016/j.tcs.2021.03.024},
  doi          = {10.1016/J.TCS.2021.03.024},
  timestamp    = {Sun, 25 Jul 2021 11:39:29 +0200},
  biburl       = {https://dblp.org/rec/journals/tcs/BrodoBF21.bib},
  bibsource    = {dblp computer science bibliography, https://dblp.org}
}
